%% This BibTeX bibliography file was created using BibDesk.
%% https://bibdesk.sourceforge.io/


%% Saved with string encoding Unicode (UTF-8) 

% === Books ===
@book{nakov2018,
author={Nakov, Svetlin},
publisher = {GitBook},
title = {Practical Cryptography for Developers},
year = {2018},
medium=1,
url={https://cryptobook.nakov.com/},
peerreview={no}
}
@book{buchanan2017,
author = {Buchanan, William J.},
title = {Cryptography},
publisher = {River Publishers},
year=2017,
medium=2,
numpages={},
peerreview={no}
}
@book{mayring2015,
author = {Mayring, Philipp},
address = {Weinheim},
booktitle = {Qualitative Inhaltsanalyse Grundlagen und Techniken},
edition = {12.},
publisher = {Beltz},
title = {Qualitative Inhaltsanalyse : Grundlagen und Techniken},
year = {2015},
}
@book{sommerville2011,
author={Sommerville, Ian},
title={Software Engineering},
year=2011,
edition={9th},
publisher={Pearson},
address={}
}
@book{iso1998,
  title={ISO 9241-11: Ergonomic Requirements for Office Work with Visual Display Terminals (VDTs): Part 11: Guidance on Usability},
  author={International Organization for Standardization},
  year={1998}
}



% === Journals, Proceedings ===
@inproceedings{patnaik2019,
  title={Usability Smells: {A}n {A}nalysis of {D}evelopers' {S}truggle with {C}rypto {L}ibraries},
  author={Patnaik, Nikhil and Hallett, Joseph and Rashid, Awais},
  booktitle={Fifteenth Symposium on Usable Privacy and Security},
  pages={245--257},
  year={2019},
  publisher={usenix},
  medium=1,
  peerreview={unknown}
}
@inproceedings{acar2017,
  title={Comparing the {U}sability of cryptographic {API}s},
  author={Acar, Yasemin and Backes, Michael and Fahl, Sascha and Garfinkel, Simson and Kim, Dowoon and Mazurek, Michelle L. and Stransky, Christian},
  booktitle={2017 IEEE Symposium on Security and Privacy},
  pages={154--171},
  year={2017},
  publisher={IEEE},
medium=1,
peerreview={unknown}
}
@article{green2016,
journal = {IEEE Security \& Privacy},
author = {Green, Matthew and Smith, Matthew},
number = {5},
pages = {40--46},
publisher = {IEEE},
title = {Developers are not the {E}nemy! {T}he {N}eed for usable {S}ecurity {API}s},
volume = {14},
year = {2016},
peerreview={yes}
}
@inproceedings{nadi2016,
  title={Jumping through {H}oops: {W}hy do {J}ava {D}evelopers struggle with {C}ryptography {API}s?},
  author={Nadi, Sarah and Krüger, Stefan and Mezini, Mira and Bodden, Eric},
  booktitle={Proceedings of the 38th International Conference on Software Engineering},
  pages={935--946},
  year={2016},
medium=1,
peerreview={unknown}
}
@inproceedings{mindermann2018,
author = {Mindermann, Kai and Keck, Philipp and Wagner, Stefan},
booktitle = {2018 IEEE International Conference on Software Quality, Reliability and Security (QRS)},
pages = {143--154},
publisher = {IEEE},
title = {How Usable Are {R}ust {C}ryptography {API}s?},
year = {2018},
}
@article{mosqueira2018,
  title={A systematic {A}pproach to {API} {U}sability: {T}axonomy-derived {C}riteria and a {C}ase {S}tudy},
  author={Mosqueira-Rey, Eduardo and Alonso-Ríos, David and Moret-Bonillo, Vicente and Fernández-Varela, Isaac and Álvarez-Estévez, Diego},
  journal={Information and Software Technology},
  volume={97},
  pages={46--63},
  year={2018},
  publisher={Elsevier},
medium=1,
peerreview={unknown}
}
@article{kruger2019,
author = {Krüger, Stefan and Späth, Johannes and Ali, Karim and Bodden, Eric and Mezini, Mira},
issn = {0098-5589},
journal = {IEEE transactions on software engineering},
title = {Cry{SL}: {A}n extensible {A}pproach to validating the correct {U}sage of cryptographic {API}s},
year = {2019},
pages = {1-1},
publisher = {IEEE},
}
@inproceedings{piccolboni2020,
author = {Piccolboni, Luca and Di Guglielmo, Giuseppe and Carloni, Luca P and Sethumadhavan, Simha},
title = {{CRYLOGGER}: {D}etecting {C}rypto {M}isuses Dynamically},
year = {2020},
url={https://arxiv.org/pdf/2007.01061.pdf},
url-date={2021-11-14}
}
@article{alonso2010,
  title={{U}sability: {A} critical {A}nalysis and a {T}axonomy},
  author={Alonso-R{\'\i}os, David and V{\'a}zquez-Garc{\'\i}a, Ana and Mosqueira-Rey, Eduardo and Moret-Bonillo, Vicente},
  journal={International Journal of Human-_Computer Interaction},
  volume={26},
  number={1},
  pages={53--74},
  year={2010},
  publisher={Taylor \& Francis}
}

@inproceedings{hazhirpasand2020,
  title={{J}ava {C}ryptography {U}ses in the {W}ild},
  author={Hazhirpasand, Mohammadreza and Ghafari, Mohammad and Nierstrasz, Oscar},
  booktitle={Proceedings of the 14th ACM/IEEE International Symposium on Empirical Software Engineering and Measurement (ESEM)},
  pages={1--6},
  year={2020},
  organization={ACM/IEEE}
}

@article{kruger2017,
  title={Cry{SL}: {V}alidating Correct {U}sage of Cryptographic {API}s},
  author={Krüger, Stefan and Späth, Johannes and Ali, Karim and Bodden, Eric and Mezini, Mira},
  journal={CoRR},
  year={2017}
}
@article{zibran2008,
  title={What makes {API}s difficult to use?},
  author={Zibran, Minhaz},
  journal={International Journal of Computer Science and Network Security (IJCSNS)},
  volume={8},
  number={4},
  pages={255--261},
  year={2008},
  publisher={Citeseer}
}

@article{rama2015,
  title={Some structural {M}easures of {API} {U}sability},
  author={Rama, Girish Maskeri and Kak, Avinash},
  journal={Software: Practice and Experience},
  volume={45},
  number={1},
  pages={75--110},
  year={2015},
  publisher={Wiley Online Library}
}

@article{scheller2015,
  title={Automated {M}easurement of {API} {U}sability: {T}he {API}  {C}oncepts {F}ramework},
  author={Scheller, Thomas and K{\"u}hn, Eva},
  journal={Information and Software Technology},
  volume={61},
  pages={145--162},
  year={2015},
  publisher={Elsevier}
}

@article{robillard2009,
  title={What makes {API}s hard to learn? {A}nswers from {D}evelopers},
  author={Robillard, Martin P},
  journal={IEEE software},
  volume={26},
  number={6},
  pages={27--34},
  year={2009},
  publisher={IEEE}
}
@article{hazhirpasand2021_a,
  title={{C}ryptography {V}ulnerabilities on {H}acker{O}ne},
  author={Hazhirpasand, Mohammadreza and Ghafari, Mohammad},
  journal={arXiv e-prints},
  pages={arXiv--2111},
  year={2021}
}
@article{hazhirpasand2021_b,
  title={Dazed and Confused: {W}hat's Wrong with  {C}rypto {L}ibraries?},
  author={Hazhirpasand, Mohammadreza and Nierstrasz, Oscar and Ghafari, Mohammad},
  journal={arXiv e-prints},
  pages={arXiv--2111},
  year={2021}
}



% === JCA Documentation ===
@misc{javaxCrypto,
author={Oracle},
year=2021,
title={javax.crypto {P}ackage {S}ummary},
url={https://docs.oracle.com/en/java/javase/17/docs/api/java.base/javax/crypto/package-summary.html},
urldate={2021-10-03}
}
@misc{javaStandardAlgorithmName,
author={Oracle},
year=2021,
title={Java {S}ecurity Standard {A}lgorithm {N}ames {S}pecification},
url={https://docs.oracle.com/en/java/javase/17/docs/specs/security/standard-names.html},
urldate={2021-10-03}
}
@misc{javaReferenceGuide,
author={Oracle},
year=2021,
title={Java {C}ryptography {A}rchitecture ({JCA}) {R}eference {G}uide},
url={https://docs.oracle.com/en/java/javase/17/security/java-cryptography-architecture-jca-reference-guide.html#GUID-2BCFDD85-D533-4E6C-8CE9-29990DEB0190},
urldate={2021-10-03}
}

{"mode":"full","isActive":false}